<?xml version="1.0" encoding="UTF-8"?><collection xmlns="http://www.loc.gov/MARC21/slim"><record><leader>00577nam--2200181-i-4500</leader><controlfield tag="001">000040645</controlfield><controlfield tag="002">20161230</controlfield><controlfield tag="005">20161230201042</controlfield><controlfield tag="008">060222s1000------------r-----000-0-ger-d</controlfield><datafield ind1=" " ind2=" " tag="040"><subfield code="a">IFIN-HH</subfield></datafield><datafield ind1=" " ind2=" " tag="041"><subfield code="a">ger</subfield></datafield><datafield ind1=" " ind2=" " tag="080"><subfield code="a">538.91(043)</subfield></datafield><datafield ind1="1" ind2=" " tag="100"><subfield code="a">Schopp,Jurgen</subfield></datafield><datafield ind1="1" ind2="0" tag="245"><subfield code="a">Dynamischer jahn-teller-effekt berechnung des feinstrukturspektrums, der isotopieverschiebung und des zeeman-verhaltens am teifen zentrum ni2+ in cds</subfield><subfield code="b">Dissertation</subfield><subfield code="c">Jurgen schopp</subfield></datafield><datafield ind1=" " ind2=" " tag="260"><subfield code="a">Berlin</subfield><subfield code="b">Univeristat</subfield><subfield code="c">1992</subfield></datafield><datafield ind1=" " ind2=" " tag="300"><subfield code="a">157 P</subfield></datafield><datafield ind1=" " ind2=" " tag="852"><subfield code="a">80063</subfield><subfield code="c">539.2</subfield></datafield><datafield ind1=" " ind2=" " tag="CAT"><subfield code="a">Sys</subfield><subfield code="c">20121203</subfield><subfield code="h">174051</subfield></datafield></record></collection>